<?xml version="1.0" encoding="utf-8"?>
<record xmlns="http://www.loc.gov/MARC21/slim" xmlns:xsi="http://www.w3.org/2001/XMLSchema-instance" xsi:schemaLocation="http://www.loc.gov/MARC21/slim http://www.loc.gov/standards/marcxml/schema/MARC21slim.xsd">
	<leader>
		02557nam a2200457   4500
	</leader>
	<controlfield tag="001">
		1818808
	</controlfield>
	<controlfield tag="003">
		NIC
	</controlfield>
	<controlfield tag="006">
		m        d        
	</controlfield>
	<controlfield tag="007">
		cr cn |||m|||a
	</controlfield>
	<controlfield tag="008">
		160129q19831984ir h    ob    000 0 ara  
	</controlfield>
	<datafield ind1=" " ind2=" " tag="040">
		<subfield code="a">
			NNU
		</subfield>
		<subfield code="b">
			eng
		</subfield>
		<subfield code="e">
			rda
		</subfield>
		<subfield code="c">
			NNU
		</subfield>
	</datafield>
	<datafield ind1=" " ind2="4" tag="050">
		<subfield code="a">
			BP129.42
		</subfield>
		<subfield code="b">
			.I134 1983
		</subfield>
	</datafield>
	<datafield ind1="1" ind2=" " tag="100">
		<subfield code="6">
			880-01
		</subfield>
		<subfield code="a">
			Ibn Khālawayh, Ḥusayn ibn Aḥmad,
		</subfield>
		<subfield code="d">
			-980 or 981.
		</subfield>
	</datafield>
	<datafield ind1="1" ind2="0" tag="240">
		<subfield code="6">
			880-02
		</subfield>
		<subfield code="a">
			Iʻrāb thalāthīn sūrah min al-Qurʼān al-Karīm
		</subfield>
	</datafield>
	<datafield ind1="1" ind2="0" tag="245">
		<subfield code="6">
			880-03
		</subfield>
		<subfield code="a">
			Kitāb Iʻrāb thalāthīn sūrah min al-Qurʼān al-Karīm /
		</subfield>
		<subfield code="c">
			taʼlīf Abī ʻAbd Allāh al-Ḥusayn ibn Ahmad al-maʻrūf bi-Ibn Khālawayh.
		</subfield>
	</datafield>
	<datafield ind1=" " ind2=" " tag="250">
		<subfield code="6">
			880-04
		</subfield>
		<subfield code="a">
			Chāp-i 1.
		</subfield>
	</datafield>
	<datafield ind1=" " ind2=" " tag="260">
		<subfield code="a">
			Tihrān :
		</subfield>
		<subfield code="b">
			Intishārāt Nāṣir Khusraw,
		</subfield>
		<subfield code="c">
			1362 [1983 or 1984]
		</subfield>
	</datafield>
	<datafield ind1=" " ind2=" " tag="300">
		<subfield code="a">
			online resource (6, 248 pages) :
		</subfield>
		<subfield code="b">
			facsimile
		</subfield>
	</datafield>
	<datafield ind1=" " ind2=" " tag="336">
		<subfield code="a">
			text
		</subfield>
		<subfield code="2">
			rdacontent
		</subfield>
	</datafield>
	<datafield ind1=" " ind2=" " tag="337">
		<subfield code="a">
			computer
		</subfield>
		<subfield code="2">
			rdamedia
		</subfield>
	</datafield>
	<datafield ind1=" " ind2=" " tag="338">
		<subfield code="a">
			online resource
		</subfield>
		<subfield code="2">
			rdacarrier
		</subfield>
	</datafield>
	<datafield ind1=" " ind2=" " tag="500">
		<subfield code="a">
			Part of the Arabic Collections Online (ACO) project, contributed by Cornell University Libraries.
		</subfield>
	</datafield>
	<datafield ind1=" " ind2=" " tag="504">
		<subfield code="a">
			Includes bibliographical references.
		</subfield>
	</datafield>
	<datafield ind1=" " ind2=" " tag="533">
		<subfield code="a">
			Electronic reproduction.
		</subfield>
		<subfield code="b">
			New York, N.Y. :
		</subfield>
		<subfield code="c">
			New York University,
		</subfield>
		<subfield code="d">
			2016.
		</subfield>
		<subfield code="5">
			NNU
		</subfield>
	</datafield>
	<datafield ind1="0" ind2="0" tag="630">
		<subfield code="a">
			Qurʼan.
		</subfield>
		<subfield code="p">
			Juzʼ ʻAmma
		</subfield>
		<subfield code="v">
			Commentaries.
		</subfield>
	</datafield>
	<datafield ind1="0" ind2="0" tag="630">
		<subfield code="a">
			Qurʼan.
		</subfield>
		<subfield code="p">
			Sūrat al-Fātiḥah
		</subfield>
		<subfield code="v">
			Commentaries.
		</subfield>
	</datafield>
	<datafield ind1="0" ind2="0" tag="630">
		<subfield code="a">
			Qurʼan
		</subfield>
		<subfield code="x">
			Language, style.
		</subfield>
	</datafield>
	<datafield ind1=" " ind2=" " tag="653">
		<subfield code="a">
			Surat al-Fatihah;
		</subfield>
		<subfield code="a">
			Juz Ammah;
		</subfield>
		<subfield code="a">
			commentaries
		</subfield>
	</datafield>
	<datafield ind1="2" ind2=" " tag="710">
		<subfield code="a">
			Cornell University.
		</subfield>
		<subfield code="b">
			Libraries.
		</subfield>
	</datafield>
	<datafield ind1="0" ind2=" " tag="730">
		<subfield code="a">
			Arabic Collections Online.
		</subfield>
	</datafield>
	<datafield ind1="0" ind2="8" tag="776">
		<subfield code="i">
			Print version:
		</subfield>
		<subfield code="a">
			Ibn Khālawayh, Ḥusayn ibn Aḥmad, -980 or 981.
		</subfield>
		<subfield code="t">
			Kitāb Iʻrāb thalāthīn sūrah min al-Qurʼān al-Karīm
		</subfield>
		<subfield code="w">
			(NIC)1818808
		</subfield>
		<subfield code="w">
			(DLC)   86930099 
		</subfield>
		<subfield code="w">
			(OCoLC)16653933
		</subfield>
	</datafield>
	<datafield ind1="4" ind2="0" tag="856">
		<subfield code="u">
			http://hdl.handle.net/2333.1/nvx0k9q1
		</subfield>
	</datafield>
	<datafield ind1="1" ind2=" " tag="880">
		<subfield code="6">
			100-01/r
		</subfield>
		<subfield code="a">
			ابن خالويه، حسين بن احمد،,
		</subfield>
		<subfield code="d">
			-980 or 981.
		</subfield>
	</datafield>
	<datafield ind1="1" ind2="0" tag="880">
		<subfield code="6">
			240-02/r
		</subfield>
		<subfield code="a">
			اعراب ثلاثين سورة من القرآن الكريم
		</subfield>
	</datafield>
	<datafield ind1="1" ind2="0" tag="880">
		<subfield code="6">
			245-03/r
		</subfield>
		<subfield code="a">
			كتاب اعراب ثلاثين سورة من القرآن الكريم /
		</subfield>
		<subfield code="c">
			تأليف ابي عبد الله الحسين بن احمد المعروف بابن خالويه ؛ [تصحيح عبد الرحيم محمود].
		</subfield>
	</datafield>
	<datafield ind1="3" ind2="0" tag="880">
		<subfield code="6">
			246-00/r
		</subfield>
		<subfield code="a">
			اعراب ثلاثين سورة من القرآن الكريم
		</subfield>
	</datafield>
	<datafield ind1=" " ind2=" " tag="880">
		<subfield code="6">
			250-04/r
		</subfield>
		<subfield code="a">
			چاپا 1.
		</subfield>
	</datafield>
	<datafield ind1=" " ind2=" " tag="880">
		<subfield code="6">
			260-00/r
		</subfield>
		<subfield code="a">
			تهران :
		</subfield>
		<subfield code="b">
			انتشاراتي ناصري خسرو،
		</subfield>
		<subfield code="c">
			1362 [1983 ر 1984]
		</subfield>
	</datafield>
	<datafield ind1="1" ind2=" " tag="880">
		<subfield code="6">
			700-00/r
		</subfield>
		<subfield code="a">
			محمود، عبد الرحيم.
		</subfield>
	</datafield>
	<datafield ind1=" " ind2=" " tag="959">
		<subfield code="a">
			NNU
		</subfield>
		<subfield code="b">
			WEB
		</subfield>
		<subfield code="c">
			GENI
		</subfield>
		<subfield code="t">
			0
		</subfield>
		<subfield code="m">
			Electronic access
		</subfield>
		<subfield code="s">
			01
		</subfield>
	</datafield>
	<datafield ind1=" " ind2=" " tag="999">
		<subfield code="i">
			NIC_1818808
		</subfield>
		<subfield code="o">
			(OCoLC)ocm16653933 
		</subfield>
		<subfield code="s">
			cornell_aco000480
		</subfield>
		<subfield code="e">
			(ERROR-880)
		</subfield>
	</datafield>
</record>
